@inproceedings{Ling17wasa,
  author       = {Zhen Ling and Melanie Borgeest and Chuta Sano and Sirong Lin and Mogahid Fadl and Wei Yu and Xinwen Fu and Wei Zhao},
  editor       = {Liran Ma and Abdallah Khreishah and Yan Zhang and Mingyuan Yan},
  title        = {A Case Study of Usable Security: Usability Testing of Android Privacy Enhancing Keyboard},
  booktitle    = {Wireless Algorithms, Systems, and Applications - 12th International Conference, WASA 2017, Guilin, China, June 19-21, 2017, Proceedings},
  series       = {Lecture Notes in Computer Science},
  volume       = {10251},
  pages        = {716--728},
  publisher    = {Springer},
  year         = {2017},
  url          = {https://doi.org/10.1007/978-3-319-60033-8\_61},
  doi          = {10.1007/978-3-319-60033-8_61},
  csc_acronym  = {WASA}
}

@inproceedings{Li17icc,
  author       = {Zupei Li and Qinggang Yue and Chuta Sano and Wei Yu and Xinwen Fu},
  title        = {3D vision attack against authentication},
  booktitle    = {IEEE International Conference on Communications, ICC 2017, Paris, France, May 21-25, 2017},
  pages        = {1--6},
  publisher    = {IEEE},
  year         = {2017},
  url          = {https://doi.org/10.1109/ICC.2017.7996462},
  doi          = {10.1109/ICC.2017.7996462},
  csc_acronym  = {ICC}
}

@article{Ling17wcmc,
  author       = {Zhen Ling and Melanie Borgeest and Chuta Sano and Jazmyn Fuller and Anthony Cuomo and Sirong Lin and Wei Yu and Xinwen Fu and Wei Zhao},
  title        = {Privacy Enhancing Keyboard: Design, Implementation, and Usability Testing},
  journal      = {Wirel. Commun. Mob. Comput.},
  volume       = {2017},
  year         = {2017},
  url          = {https://doi.org/10.1155/2017/3928261},
  doi          = {10.1155/2017/3928261},
  csc_acronym  = {WCMC}
}

@inproceedings{Sano18wasa,
  author       = {Chuta Sano and Chao Gao and Zupei Li and Zhen Ling and Xinwen Fu},
  editor       = {Sriram Chellappan and Wei Cheng and Wei Li},
  title        = {Turning Legacy IR Devices into Smart IoT Devices},
  booktitle    = {Wireless Algorithms, Systems, and Applications - 13th International Conference, WASA 2018, Tianjin, China, June 20-22, 2018, Proceedings},
  series       = {Lecture Notes in Computer Science},
  volume       = {10874},
  pages        = {412--424},
  publisher    = {Springer},
  year         = {2018},
  url          = {https://doi.org/10.1007/978-3-319-94268-1\_34},
  doi          = {10.1007/978-3-319-94268-1_34},
  csc_acronym  = {WASA}
}

@MastersThesis{Sano19ms,
  author =       {Chuta Sano},
  title =        {On Session Typed Contracts for Imperative Languages},
  school =       {Carnegie Mellon University},
  year =         2019,
  type =      {Masters Thesis},
  month =     dec,
  url = {http://reports-archive.adm.cs.cmu.edu/anon/2019/CMU-CS-19-133.pdf},
  note =      {Technical Report}}


@software{Sano23oopsla-art,
  title        = {Mechanizing Session-Types using a Structural View},
  author       = {Chuta Sano and Ryan Kavanagh and Brigitte Pientka},
  year         = 2023,
  month        = sep,
  publisher    = {Zenodo},
  version      = {1.0},
  doi          = {10.5281/zenodo.8329645},
  url          = {https://doi.org/10.5281/zenodo.8329645},
  note         = {Software artifact},
  csc_parent=Sano23oopsla
}

@article{Sano23arxiv,
  title={Mechanizing Session-Types using a Structural View: Enforcing Linearity without Linearity},
  author={Chuta Sano and Ryan Kavanagh and Brigitte Pientka},
  year= 2023,
  month= sep,
  eprint={2309.12466},
  archivePrefix={arXiv},
  note={Technical report},
  csc_parent=Sano23oopsla
}

@article{Sano23oopsla,
  title        = {Mechanizing Session-Types using a Structural View: Enforcing Linearity without Linearity},
  author       = {Chuta Sano and Ryan Kavanagh and Brigitte Pientka},
  year         = 2023,
  journal      = {Proc. {ACM} Program. Lang.},
  volume       = {7},
  number       = {{OOPSLA2}},
  pages        = {374--399},
  url          = {https://doi.org/10.1145/3622810},
  doi          = {10.1145/3622810},
  csc_acronym  = {OOPSLA}
}

@inproceedings{Sano21coordination,
  author = {Chuta Sano and Stephanie Balzer and Frank Pfenning},
  title = {Manifestly Phased Communication via Shared Session Types},
  booktitle = {23rd International Conference on Coordination Models and Languages (COORDINATION 2021)},
  year = 2021,
  editor = {F. Damiani and O. Dardha},
  pages = {23--40},
  month = jun,
  address = {Valletta, Malta},
  publisher = {Springer LNCS 12717},
  doi = {10.1007/978-3-030-78142-2_2},
  csc_acronym = {COORDINATION}
}

@article{Sano21arxiv,
  title={Manifestly Phased Communication via Shared Session Types}, 
  author={Chuta Sano and Stephanie Balzer and Frank Pfenning},
  year={2021},
  eprint={2101.06249},
  archivePrefix={arXiv},
  primaryClass={cs.PL},
  url={https://arxiv.org/abs/2101.06249}, 
  note={Technical report},
  csc_parent=Sano21coordination
}

@inproceedings{Zackon25cpp,
  address = {New York, NY},
  series = {CPP â€™25},
  title = {Split Decisions: Explicit Contexts for Substructural Languages},
  isbn = {9798400713477},
  url = {https://dl.acm.org/doi/10.1145/3703595.3705888},
  doi = {10.1145/3703595.3705888},
  urldate = {2025-01-11},
  booktitle = {Proceedings of the 14th ACM SIGPLAN International Conference on Certified Programs and Proofs},
  publisher = {Association for Computing Machinery},
  author = {Zackon, Daniel and Sano, Chuta and Momigliano, Alberto and Pientka, Brigitte},
  year = {2025},
  pages = {257--271},
  csc_acronym = {CPP}
}

@article{Sano25icfp,
  author = {Sano, Chuta and Garg, Deepak and Kavanagh, Ryan and Pientka, Brigitte and Toninho, Bernardo},
  title = {Fusing Session-Typed Concurrent Programming into Functional Programming},
  year = {2025},
  issue_date = {August 2025},
  publisher = {Association for Computing Machinery},
  address = {New York, NY, USA},
  volume = {9},
  number = {ICFP},
  url = {https://doi.org/10.1145/3747519},
  doi = {10.1145/3747519},
  journal = {Proc. ACM Program. Lang.},
  month = aug,
  articleno = {250},
  numpages = {28},
  csc_acronym = {ICFP}
}

@software{Sano25icfp-art,
  author       = {Sano, Chuta and Garg, Deepak and Kavanagh, Ryan and Pientka, Brigitte and Toninho, Bernardo},
  title        = {Fusing Session-typed Concurrent Programming into Functional Programming - Implementation},
  month        = jun,
  year         = 2025,
  publisher    = {Zenodo},
  version      = 1,
  doi          = {10.5281/zenodo.15643008},
  url          = {https://doi.org/10.5281/zenodo.15643008},
  note         = {Software artifact},
  csc_parent=Sano25icfp
}
