@MastersThesis{Sano19ms,
  author =       {Chuta Sano},
  title =        {On Session Typed Contracts for Imperative Languages},
  school =       {Carnegie Mellon University},
  year =         2019,
  type =      {Masters Thesis},
  month =     dec,
  url = {http://reports-archive.adm.cs.cmu.edu/anon/2019/CMU-CS-19-133.pdf},
  note =      {Available as Technical Report }}


@software{Sano23oopsla-art,
  title        = {Mechanizing Session-Types using a Structural View},
  author       = {Chuta Sano and Ryan Kavanagh and Brigitte Pientka},
  year         = 2023,
  month        = sep,
  publisher    = {Zenodo},
  version      = {1.0},
  doi          = {10.5281/zenodo.8329645},
  url          = {https://doi.org/10.5281/zenodo.8329645},
  note         = {Software artifact},
  csc_parent=Sano23oopsla
}

@article{Sano23arxiv,
  title={Mechanizing Session-Types using a Structural View: Enforcing Linearity without Linearity},
  author={Chuta Sano and Ryan Kavanagh and Brigitte Pientka},
  year= 2023,
  month= sep,
  eprint={2309.12466},
  archivePrefix={arXiv},
  note={Extended technical report},
  csc_parent=Sano23oopsla
}

@article{Sano23oopsla,
  title        = {Mechanizing Session-Types using a Structural View: Enforcing Linearity without Linearity},
  author       = {Chuta Sano and Ryan Kavanagh and Brigitte Pientka},
  year         = 2023,
  journal      = {Proc. {ACM} Program. Lang.},
  volume       = {7},
  number       = {{OOPSLA2}},
  pages        = {374--399},
  url          = {https://doi.org/10.1145/3622810},
  doi          = {10.1145/3622810},
  csc_acronym  = {OOPSLA}
}

@inproceedings{Sano21coordination,
  author = {Chuta Sano and Stephanie Balzer and Frank Pfenning},
  title = {Manifestly Phased Communication via Shared Session Types},
  booktitle = {23rd International Conference on Coordination Models and Languages (COORDINATION 2021)},
  year = 2021,
  editor = {F. Damiani and O. Dardha},
  pages = {23--40},
  month = jun,
  address = {Valletta, Malta},
  publisher = {Springer LNCS 12717},
  urlpdf = {http://www.cs.cmu.edu/~fp/papers/coordination21.pdf},
  csc_acronym = {COORDINATION}
}
